@article{Hinton2006,
  author    = {Geoffrey E. Hinton and Ruslan R. Salakhutdinov},
  title     = {Reducing the Dimensionality of Data with Neural Networks},
  journal   = {Science},
  volume    = {313},
  number    = {5786},
  pages     = {504--507},
  year      = {2006}
}

@inproceedings{Vincent2008,
  author    = {Pascal Vincent and Hugo Larochelle and Yoshua Bengio and Pierre-Antoine Manzagol},
  title     = {Extracting and Composing Robust Features with Denoising Autoencoders},
  booktitle = {Proceedings of the 25th International Conference on Machine Learning (ICML)},
  pages     = {1096--1103},
  year      = {2008}
}

@article{Kingma2014,
  author    = {Diederik P. Kingma and Max Welling},
  title     = {Auto-Encoding Variational Bayes},
  journal   = {arXiv preprint arXiv:1312.6114},
  year      = {2014}
}

@inproceedings{He2016ResNet,
  author    = {Kaiming He and Xiangyu Zhang and Shaoqing Ren and Jian Sun},
  title     = {Deep Residual Learning for Image Recognition},
  booktitle = {Proceedings of the IEEE Conference on Computer Vision and Pattern Recognition (CVPR)},
  pages     = {770--778},
  year      = {2016}
}

@inproceedings{Mao2016,
  author    = {Xiao-Jiao Mao and Chunhua Shen and Yu-Bin Yang},
  title     = {Image Restoration Using Very Deep Convolutional Encoder-Decoder Networks with Symmetric Skip Connections},
  booktitle = {Advances in Neural Information Processing Systems (NeurIPS)},
  pages     = {2802--2810},
  year      = {2016}
}

@inproceedings{Oord2018,
  author    = {Aaron van den Oord and Yazhe Li and Oriol Vinyals},
  title     = {Representation Learning with Contrastive Predictive Coding},
  booktitle = {arXiv preprint arXiv:1807.03748},
  year      = {2018}
}

@inproceedings{Chen2020SimCLR,
  author    = {Ting Chen and Simon Kornblith and Mohammad Norouzi and Geoffrey Hinton},
  title     = {A Simple Framework for Contrastive Learning of Visual Representations},
  booktitle = {Proceedings of the 37th International Conference on Machine Learning (ICML)},
  pages     = {1597--1607},
  year      = {2020}
}

@inproceedings{Sedhain2015,
  author    = {Suvash Sedhain and Aditya Krishna Menon and Scott Sanner and Lexing Xie},
  title     = {AutoRec: Autoencoders Meet Collaborative Filtering},s
  booktitle = {Proceedings of the 24th International Conference on World Wide Web (WWW)},
  pages     = {111--112},
  year      = {2015}
}

@inproceedings{Zhou2020S3Rec,
  author    = {Kun Zhou and Wayne Xin Zhao and Shuqing Bian and Min-Yen Kan and Ji-Rong Wen},
  title     = {S$^3$-Rec: Self-Supervised Learning for Sequential Recommendation with Mutual Information Maximization},
  booktitle = {Proceedings of the 29th ACM International Conference on Information and Knowledge Management (CIKM)},
  pages     = {1893--1902},
  year      = {2020}
}

@inproceedings{Zhan2022CLAES,
  author    = {Xiangyu Zhan and Longfei Li and Hui Li and Defu Lian and Enhong Chen},
  title     = {Contrastive Self-Supervised Learning for Sequential Recommendation},
  booktitle = {Proceedings of the 45th International ACM SIGIR Conference on Research and Development in Information Retrieval (SIGIR)},
  pages     = {855--865},
  year      = {2022}
}
